%%%%%%%%%%%%%
% Chapter 1

@misc{web:hbrTwitter,
  note = {Source: Harvard Business Review, \urlwofont{http://blogs.hbr.org/cs/2009/06/new\_twitter\_research\_men\_follo.html}, April 1, 2011}
}

@misc{web:yahooNewsBiebs,
  note = {Source: Yahoo News, \urlwofont{http://news.yahoo.com/s/ac/20110315/tc\_ac/8066912\_happy\_birthday\_twitter}, April 1, 2011}
}

@misc{data:ciaFactBookInfMort:2010,
  note = {Source: CIA Factbook, \urlwofont{https://www.cia.gov/library/publications/the-world-factbook/rankorder/2091rank.html}, October 22, 2010}
}

@MISC{news:smokingDementia,
  author={Rabin, R.C.}, 
  title = {Risks: Smokers Found More Prone to Dementia},
  journal={New York Times},
   MONTH = {October 29},
   YEAR    = {2010},
   NOTE = {\urlwofont{http://www.nytimes.com/2010/11/02/health/research/02risks.html}}
}

@misc{Avandia:2010,
  title={Research Ties Diabetes Drug to Heart Woes},
  author={Harris, G.},
  journal={New York Times},
  month={February 19,},
  year={2010},
  note={\urlwofont{http://www.nytimes.com/2010/02/20/health/policy/20avandia.html}}
}

@article{Gallagher:1996,
  title={How useful is body mass index for comparison of body fatness across age, sex, and ethnic groups?},
  author={Gallagher and Visser and Sepulveda and Pierson and Harris Heymsfield},
  journal={American Journal of Epidemiology},
  volume={143},
  number={3},
  pages={228--239},
  year={1996}
}

@article{Ritz+Yu+Chapa+Fruin:2000,
  title={{Effect of air pollution on preterm birth among children born in Southern California between 1989 and 1993}},
  author={Ritz, B. and Yu, F. and Chapa, G. and Fruin, S.},
  journal={Epidemiology},
  volume={11},
  number={5},
  pages={502--511},
  year={2000},
}

@article{McDowan:2003,
  title={{Health Education: Does the Buteyko Institute Method make a difference?}},
  author={McGowan, J.},
  journal={Thorax},
  volume={58},
  year={2003}
}

@misc{data:smoking,
  note = {Source: \urlwofont{www.stats4schools.gov.uk}, November 10, 2009}
}

@article{Allison+Cicchetti:1975,
  title={Sleep in mammals: ecological and constitutional correlates},
  author={Allison, T. and Cicchetti, D.V.},
  journal={Arch. Hydrobiol},
  volume={75},
  pages={442},
  year={1975}
}

@article{Turnbull+Brown+Hu:1974,
  title={Survivorship of Heart Transplant Data},
  author={Turnbull, B. and Brown, B. and Hu, M.},
  journal={Journal of the American Statistical Association},
  volume={69},
  pages={74-80},
  year={1974}
}

@article{Fisher:1936,
  title={The Use of Multiple Measurements in Taxonomic Problems},
  author={Fisher, R.A},
  journal={Annals of Eugenics},
  volume={7},
  pages={179-188},
  year={1936}
}

@article{Rosen:1974,
  title={Influence of sex role stereotypes on personnel decisions.},
  author={Rosen, B. and Jerdee, T.H.},
  journal={Journal of Applied Psychology},
  volume={59},
  number={1},
  pages={9},
  year={1974},
  publisher={American Psychological Association}
}

%%%%%%%%%%%%%%%%%%%%%
% Chapter 2

@ARTICLE{USPSTF:2009,
   AUTHOR  = {USPSTF},
   TITLE   = {Screening for Breast Cancer: U.S. Preventive Services Task Force Recommendation Statement},  
   YEAR    = {2009},
   JOURNAL = {Annals of Internal Medicine},
   VOLUME  = {151},
   PAGES   = {716-726}
}

@MISC{Paulos:13Dec2009,
   AUTHOR  = {John Allen Paulos},
   TITLE   = {Mammogram Math},  
   YEAR    = {2009},
   DAY = {13},
   MONTH = {December},
   NOTE = {New York Times, 13 December 2009}
}

@misc{globalWarming,
  note={Majority of Republicans No Longer See Evidence of Global Warming, October 27, 2010, \\
  \urlwofont{http://people-press.org/reports/questionnaires/669.pdf}}
}


%%%%%%%%%%%%%%%%%%%%%%
% Chapter 3

@misc{webpage:eyecolor,
  note = {Source: \urlwofont{http://babymed.com/Tools/Other/eye\_color/Default.aspx}}
}

@misc{webpage:alcohol,
  note = {Source: SAMHSA, Office of Applied Studies, National Survey on Drug Use and Health, 2007 and 2008, \urlwofont{http://www.oas.samhsa.gov/NSDUH/2k8NSDUH/tabs/Sect2peTabs1to42.htm\#Tab2.5B}}
}

@conference{Johnson+Murray:2010,
  title={{Empirical Analysis of Truck and Automobile Speeds on Rural Interstates: Impact of Posted Speed Limits}},
  author={Johnson, S. and Murray, D.},
  booktitle={Transportation Research Board 89th Annual Meeting},
  year={2010}
}

@misc{webpage:chickenpox,
  note = {Source: Public Fact Sheet, Chickenpox (Varicella), \urlwofont{http://www.mass.gov/Eeohhs2/docs/dph/cdc/factsheets/chickenpox.pdf}}
}


%%%%%%%%%%%%%%%%%%%%%%
% Chapter 4

@misc{webpage:GRE,
  note = {Source: \urlwofont{http://www.ets.org/Media/Tests/GRE/pdf/gre\_0809\_interpretingscores.pdf}}
}

@article{Heinz:2003,
  title={{Exploring relationships in body dimensions}},
  author={Heinz, G. and Peterson, L.J. and Johnson, R.W. and Kerk, C.J.},
  journal={Journal of Statistics Education},
  volume={11},
  number={2},
  year={2003}
}


%%%%%%%%%%%%%%%%%%%%%%%
% Chapter 5

@article{Graham+Schotz:1979,
  title={{Epidemiology of cancer of the cervix in Buffalo, New York.}},
  author={Graham, S. and Schotz, W.},
  journal={Journal of the National Cancer Institute},
  volume={63},
  number={1},
  pages={23},
  year={1979}
}

@misc{DADT,
  note={Report of the Comprehensive Review of the Issues Associated with a Repeal of ``Don't Ask, Don’t Tell"},
  url={http://www.defense.gov/home/features/2010/0610\_gatesdadt/DADTReport\_FINAL\_20101130(secure-hires).pdf}
}

@misc{CreationismGallup,
  note={Four in 10 Americans Believe in Strict Creationism, December 17, 2010, \\
  \urlwofont{http://www.gallup.com/poll/145286/Four-Americans-Believe-Strict-Creationism.aspx}}
}

@article{Ellis:2001,
  title={{Color preferences according to gender and sexual orientation}},
  author={L Ellis and C Ficek},
  journal={Personality and Individual Differences},
  volume={31},
  number={8},
  pages={1375-1379},
  issn={0191-8869},
  year={2001},
  publisher={Elsevier}
}

@misc{sleep,
  note={Perceived Insufficient Rest or Sleep Among Adults \- United States, 2008, October 30, 2009}
}

@misc{WashingtonPost,
  note={Public option gains support, October 20, 2009}
}

@misc{CBSPoll,
  note={Poll: 4 in 5 Support Full-Body Airport Scanners, November 15, 2010, \\
  \urlwofont{http://www.cbsnews.com/8301-503544\_162-20022876-503544.html}}
}

@article{Romero:2008,
  title={Accuracy of body mass index in diagnosing obesity in the adult general population},
  author={A Romero-Corral and VK Somers and J Sierra-Johnson and RJ Thomas and ML Collazo\-Clavell  and J Korinek and TG Allison and JA Batsis and FH Sert-Kuniyoshi and F Lopez-Jimenez},
  journal={International Journal of Obesity},
  volume={32},
  number={6},
  pages={959-966},
  year={2008},
  publisher={Nature Publishing Group}
}


%%%%%%%%%%%%%%%%%%%%%%%
% Chapter 6

@article{Burt:1966,
  title={{The genetic estimation of differences in intelligence: A study of monozygotic twins reared together and apart}},
  author={Burt, C.},
  journal={The British Journal of Psychiatry},
  volume={57},
  pages={147-153},
  year={1966}
}

@misc{data:chickwts,
  note = {Source: R Dataset, \urlwofont{http://stat.ethz.ch/R-manual/R-patched/library/datasets/html/chickwts.html}}
}

@misc{data:epaMPG2010,
  note = {Source: U.S. Department of Energy, Fuel Economy Data, \urlwofont{http://www.fueleconomy.gov/feg/download.shtml}}
}

@misc{web:egypt,
  title={Americans' Views of Egypt Sharply More Negative},
  author={Gallup},
  month={February 8,},
  year={2011},
  note={\urlwofont{http://www.gallup.com/poll/File/146006/Egypt\_Favorability\_Feb\_08\_2011.pdf}}
}

@misc{web:art,
  title={2008 Assisted Reproductive Technology Report},
  author ={CDC},
  note={\urlwofont{http://www.cdc.gov/art/ART2008/index.htm}}
}

@misc{web:harvard,
  title={Harvard Accepts Record Low 6.2 Percent of Applicants to the Class of 2015},
  journal={The Harvard Crimson},
  month={March 31,},
  year={2011},
  note={\urlwofont{http://www.thecrimson.com/article/2011/3/31/percent-class-students-year}}
}


%%%%%%%%%%%%%%%%%%
% Chapter 7

@misc{data:turkeyTourism,
  note = {Source: Association of Turkish Travel Agencies, \urlwofont{http://www.tursab.org.tr/en/statistics/foreign-visitors-figure-tourist-spendings-by-years_1083.html}}
}

@book{Hand:1994,
  title={{A handbook of small data sets}},
  author={Hand, D.J.},
  isbn={0412399202},
  year={1994},
  publisher={Chapman \& Hall/CRC}
}

@misc{data:starbucksCals,
  note={Source: Starbucks.com, data collected on March 10, 2011, \\ \urlwofont{http://www.starbucks.com/menu/nutrition}}
}


@misc{data:urbanOwner2000,
  note={Source: American Fact Finder, generated on December 27, 2010, \\ \urlwofont{http://www.factfinder.census.gov}}
}

@book{Malkevitc+Lesser:2008,
  title={{For All Practical Purposes: Mathematical Literacy in Today's World}},
  author={Malkevitch, J. and Lesser, L.M.},
  isbn={1429209003},
  year={2008},
  publisher={WH Freeman \& Co}
}

@article{Benson:1993,
  title={{Season of birth and onset of locomotion: Theoretical and methodological implications}},
  author={Benson, J.B.},
  journal={Infant behavior and development},
  volume={16},
  number={1},
  pages={69-81},
  issn={0163-6383},
  year={1993},
  publisher={Elsevier}
}

@ article{Graham:2010,
  title={Risk of acute myocardial infarction, stroke, heart failure, and death in elderly Medicare patients treated with rosiglitazone or pioglitazone},
  author={Graham, D.J. and Ouellet-Hellstrom, R. and MaCurdy, T.E. and Ali, F. and Sholley, C. and Worrall, C. and Kelman, J.A.},
  journal = {JAMA},
  volume={304},
  number={4},
  pages={411},
  issn={0098-7484},
  year={2010},
  publisher={Am Med Assoc}
}

@misc{acsIncome2005-2009,
  note={U.S. Census Bureau, 2005-2009 American Community Survey}
}

@misc{webpage:spiders,
  note = {Source: What Frightens America's Youth?, \urlwofont{http://www.gallup.com/poll/15439/What-Frightens-Americas-Youth.aspx}}
}

@misc{web:naep,
  note={NAEP Data Explorer, April 16, 2011}
}

@misc{maristRoadTest,
  note={Road Rules: Re-Testing Drivers at Age 65?, \urlwofont{http://maristpoll.marist.edu/34-road-rules-re-testing-drivers-at-age-65}}
}

@misc{facebook,
  note={Facebook privacy, \urlwofont{http://www.surveyusa.com}}
}

@misc{drillBabyDrill,
  note={Drilling for oil and natural gas off the coast of California, \urlwofont{http://www.surveyusa.com}}
}

@misc{collegeWorthIt,
  note={Is College Worth It?, \urlwofont{http://pewresearch.org/pubs/1993/survey-is-college-degree-worth-cost-debt-college-presidents-higher-education-system}}
}

@misc{civilWar,
  note={Civil War at 150: Still Relevant, Still Divisive, \urlwofont{http://pewresearch.org/pubs/1958/civil-war-still-relevant-and-divisive-praise-confederate-leaders-flag}}
}

@misc{data:yawn,
  note = {Source: Mythbusters, Season 3, Episode 28, \urlwofont{http://www.yourdiscovery.com/video/mythbusters-top-10-is-yawning-contagious}}
}

@misc{data:trees,
  note = {Source: R Dataset, \urlwofont{http://stat.ethz.ch/R-manual/R-patched/library/datasets/html/trees.html}}
}

@misc{data:ToothGrowth,
  note = {Source: R Dataset, \urlwofont{http://stat.ethz.ch/R-manual/R-devel/library/datasets/html/ToothGrowth.html}}
}

@misc{data:quine,
  note = {Source: R Dataset, \urlwofont{http://stat.ethz.ch/R-manual/R-patched/library/MASS/html/quine.html}}
}

@misc{data:babies,
  note = {Source: \urlwofont{http://www.ma.hw.ac.uk/~stan/aod/library}}
}

@article{Schmidt:2011,
  title={Prenatal vitamins, one-carbon metabolism gene variants, and risk for autism},
  author={Schmidt, R.J. and Hansen, R.L. and Hartiala, J. and Allayee, H. and Schmidt, L.C. and Tancredi, D.J. and Tassone, F. and Hertz-Picciotto, I.},
  journal={Epidemiology},
  volume={22},
  number={4},
  pages={476},
  year={2011}
}

@MISC{news:prenatalVitAutism,
  author={Rabin, R.C.}, 
  title = {Patterns: Prenatal Vitamins May Ward Off Autism},
  journal={New York Times},
   MONTH = {June 13},
   YEAR    = {2011},
   NOTE = {\urlwofont{http://www.nytimes.com/2011/06/14/health/research/14patterns.html?_r=1&ref=research}}
}

@article{Oldham:2011,
  title={Playing a computer game during lunch affects fullness, memory for lunch, and later snack intake},
  author={Oldham-Cooper, R.E. and Hardman, C.A. and Nicoll, C.E. and Rogers, P.J. and Brunstrom, J.M.},
  journal={The American journal of clinical nutrition},
  volume={93},
  number={2},
  pages={308},
  year={2011},
  publisher={Am Soc Nutrition}
}

@misc{data:prius09,
  note = {Source: Fuelecomy.gov, \urlwofont{http://www.fueleconomy.gov/mpg/MPG.do?action=browseList2&make=Toyota&model=Prius}}
}




